%% This BibTeX bibliography file was created using BibDesk.
%% http://bibdesk.sourceforge.net/


%% Created for jasson at 2014-01-27 15:12:52 -0500 


%% Saved with string encoding Unicode (UTF-8) 

@inproceedings{Casey:14,
 author = {Casey, C. J. and Sutton, A. and Sprintson, A.},
 title = {{TinyNBI: Distilling an API from Essential OpenFlow Abstractions}},
 booktitle = {Proceedings of the Third Workshop on Hot Topics in Software Defined Networking},
 series = {HotSDN '14},
 year = {2014},
 isbn = {978-1-4503-2989-7},
 location = {Chicago, Illinois, USA},
 pages = {37--42},
 numpages = {6},
 url = {http://doi.acm.org/10.1145/2620728.2620757},
 doi = {10.1145/2620728.2620757},
 acmid = {2620757},
 publisher = {ACM},
 address = {New York, NY, USA},
 keywords = {nbi, north bound interface, openflow, sbi, sdn, software defined networking, south bound interface},
} 


@misc{ofsoftswitch13,
  title={{CPqD OpenFlow 1.3 Software Switch}},
  howpublished={http://cpqd.github.io/ofsoftswitch13/}
}
@misc{gnuradio,
  title={{GNU} {R}adio },
  howpublished={http://gnuradio.org/redmine/projects/gnuradio/wiki}
}




@inproceedings{aetherFlow,
  title={Aetherflow: Principled Wireless Support in {SDN}},
  author={M. Yan and
          J. Casey and
          P. Shome and
          A. Sprintson and
          A. Sutton},
  year={2015},
  booktitle={Proceedings of the ICNP 2015 Workshop on Control, Cooperation, and Applications in SDN protocols (CoolSDN '15)},
 }

@inproceedings{crossflow,
  title={{CrossFlow: A Cross-layer Architecture for SDR Using SDN Principles}},
  author={P. Shome and
          M. Yan and
          J. M. Najafabadi and
          N. Mastronarde and
          A. Sprintson},
  year={2015},
  booktitle={Proceedings of the IEEE Conference on Network Function Virtualization and Software Defined Networks (IEEE NFV-SDN),Nov. 2015)},
 }

@inproceedings{atomix,
  title={{Atomix: A Framework for Deploying Signal Processing Applications on Wireless Infrastructure}},
  author={M. Bansal and
          A. Schulman and
          S. Katti},
  year={2015},
  booktitle={Proc. NSDI, 2015},
 }
@inproceedings{openradio,
  title={{Openradio:A Programmable Wireless Dataplane}},
  author={M. Bansal and
          J. Mehlman and
          S. Katti and
          P. Levis},
  year={2012},
  booktitle={Proc. Hot{SDN}, 2012},
 }

@inproceedings{softran,
  title={{SoftRAN: Software Defined Radio Access Network}},
  author={A. Gudipati and
          D. Perry and
          L. E. Li and
          S. Katti},
  year={2013},
  booktitle={Proceedings of the second workshop on Hot topics in software defined networks, ser. HotSDN '13, 2013},
 }



@inproceedings{shrivastava09centaur,
  title={{CENTAUR}: {R}ealizing the {F}ull {P}otential of {C}entralized {WLAN}s {T}hrough a {H}ybrid {D}ata {P}ath},
  author={Vivek Shrivastava and
          Nabeel Ahmed and
          Shravan Rayanchu and
          Suman Banerjee and
          Srinivasan Keshav and
          Konstantina Papagiannaki and
          Arunesh Mishra},
  year={2009},
  booktitle={Proceedings of the 15th Annual International Conference on Mobile Computing and Networking (MobiCom '09)},
  pages={297-308}
}

@inproceedings{murty10dyson,
  title={Dyson: an Architecture for Extensible Wireless LANs},
  author={Rohan Murty and
          Jitendra Padhye and
          Alec Wolman and
          Matt Welsh},
  year={2010},
  booktitle={Proceedings of the 2010 USENIX conference on USENIX annual technical conference (USENIXATC '10)},
  pages={15-15}
}



@article{yap10openroads,
  title={OpenRoads: Empowering Research in Mobile Networks},
  author={Kok-Kiong Yap and
          Masayoshi Kobayashi and
          Rob Sherwood and
          Nikhil Handigol and
          Te-Yuan Huang and
          Michael Chan and
          Nick McKeown},
  journal={ACM SIGCOMM Computer Communication review},
  year={2010},
  month={January},
  volume={40},
  number={1},
  pages={125-126}
}

@inproceedings{yap10blueprint,
  title={Blueprint for Introducing Innovation into Wireless Mobile Networks},
  author={Kok-Kiong Yap and
          Rob Sherwood and
          Masayoshi Kobayashi and
          Te-Yuan Huang and
          Michael Chan and
          Nikhil Handigol and
          Nick McKeown and
          Guru Parulkar},
  booktitle={Proceedings of the second ACM SIGCOMM workshop on Virtualized Infrastructure Systems and Architectures (VISA '10)},
  year={2010},
  pages={25-32}
}

@inproceedings{yap09stanford,
  title={The Stanford OpenRoads Deployment},
  author={Kok-Kiong Yap and
          Masayoshi Kobayashi and
          David Underhill and
          Srinivasan Seetharaman and
          Peyman Kazemian and
          Nick McKeown},
  booktitle={Proceedings of the 4th ACM International Workshop on Experimental Evaluation and Characterization (WINTECH '09)},
  year={2009},
  pages={59-66}
}

@article{gude08nox,
  title={NOX: Towards an Operating System for Networks},
  author={Natasha Gude and
          Teemu Koponen and
          Justin Pettit and
          Ben Pfaff and
          Mart\'{i}n Casado and
          Nick McKeown and
          Scott Shenker},
  journal={ACM SIGCOMM Computer Communication Review},
  year={2008},
  month={July},
  volume={38},
  number={3},
  pages={105-110}
}

@techreport{onf13enabled,
  author={Open Networking Foundation},
  title={OpenFlow-Enabled Mobile and Wireless Networks},
  year={2013},
  author={}
}

@inproceedings{suresh12odin,
  title={Towards {P}rogrammable {E}nterprise {WLAN}s with {O}din},
  author={Lalith Suresh and
          Julius Schulz-Zander and
          Ruben Merz and
          Anja Feldmann and
          Teresa Vazao},
  year={2012},
  booktitle={Proceedings of the First Workshop on Hot Topics in Software Defined Networks (HotSDN '12)},
  pages={115-120}
}


@article{casey2014tinynbi,
  title={tinyNBI: Distilling an API from essential OpenFlow abstractions},
  author={Casey, C Jasson and Sutton, Andrew and Sprintson, Alex},
  journal={arXiv preprint arXiv:1403.6644},
  year={2014}
}


@inproceedings{netkat,
	Author = {Anderson, C.J. and Foster, N. and Guha, A. and Jeannin, J-B. and Kozen, D. and Schlesinger, C. and Walker, D.},
	Booktitle = {Proceedings of the 41st annual ACM Symposium on Principles of Programming Languages},
	Date-Added = {2014-03-25 23:46:49 +0000},
	Date-Modified = {2014-03-25 23:46:57 +0000},
	Pages = {113--126},
	Title = {NetKAT: Semantic foundations for networks},
	Year = {2014}}

@inproceedings{netcore,
	Author = {Guha, A. and Reitblatt, M. and Foster, N.},
	Booktitle = {Proceedings of the 34th ACM SIGPLAN conference on Programming language design and implementation},
	Date-Added = {2014-03-25 23:46:08 +0000},
	Date-Modified = {2014-03-25 23:46:19 +0000},
	Pages = {483--494},
	Title = {Machine-verified network controllers},
	Year = {2013}}

@inproceedings{maple,
	Author = {Voellmy, A. and Wang, J. and Yang, Y.R. and Ford, B. and Hudak, P.},
	Booktitle = {Proceedings of the ACM SIGCOMM 2013 conference on SIGCOMM},
	Date-Added = {2014-03-25 17:43:16 +0000},
	Date-Modified = {2014-03-25 17:43:26 +0000},
	Pages = {87--98},
	Title = {Maple: Simplifying SDN programming using algorithmic policies},
	Year = {2013}}

@report{nosix,
	Author = {Yu, M. and Wundsam, A. and Raju, M.},
	Title = {{NOSIX}: A Lightweight Portability Layer for the {SDN} {OS}},
	Year = 2013
}

@inproceedings{wripe,
	Author = {Jasson Casey, C. and Sutton, A. and Dos Reis, G. and Sprintson, A.},
	Booktitle = {Network Protocols (ICNP), 2013 21st IEEE International Conference on},
	Date-Added = {2014-03-25 17:35:50 +0000},
	Date-Modified = {2014-03-25 17:36:50 +0000},
	Doi = {10.1109/ICNP.2013.6733667},
	Keywords = {program compilers;program diagnostics;programming languages;protocols;OpenFlow protocol;abstraction language design;message constraints;message handling operations;network protocol message specifications;network protocol stacks;network protocol vulnerability;network system development;program compiler;system language design;systems programming language;whole-program analysis;Arrays;Computer languages;Payloads;Program processors;Protocols;Semantics;Vectors},
	Month = {Oct},
	Pages = {1-6},
	Title = {Eliminating network protocol vulnerabilities through abstraction and systems language design},
	Year = {2013},
	Bdsk-Url-1 = {http://dx.doi.org/10.1109/ICNP.2013.6733667}}

@inproceedings{jasson2013department,
	Author = {Jasson Casey, C and Sutton, Andrew and Dos Reis, Gabriel and Sprintson, Alex},
	Booktitle = {Network Protocols (ICNP), 2013 21st IEEE International Conference on},
	Date-Added = {2014-03-25 17:34:10 +0000},
	Date-Modified = {2014-03-25 17:34:10 +0000},
	Organization = {IEEE},
	Pages = {1--6},
	Title = {Department of Electrical and Computer Engineering, Texas A\&amp;M University, USA},
	Year = {2013}}


@inproceedings{icccn,
	Author = {Ghoshal, Pritha and Casey, C Jasson and Gratz, Paul V and Sprintson, Alex},
	Booktitle = {Computer Communications and Networks (ICCCN), 2013 22nd International Conference on},
	Date-Added = {2014-01-27 20:12:40 +0000},
	Date-Modified = {2014-01-27 20:12:52 +0000},
	Organization = {IEEE},
	Pages = {1--8},
	Title = {Stochastic Pre-Classification for Software Defined Firewalls},
	Year = {2013}}

@article{casey2013eliminating,
	Author = {Casey, C Jasson and Sutton, Andrew and Reis, Gabriel Dos and Sprintson, Alex},
	Date-Added = {2014-01-27 20:12:24 +0000},
	Date-Modified = {2014-01-27 20:12:24 +0000},
	Journal = {arXiv preprint arXiv:1311.3336},
	Title = {Eliminating Network Protocol Vulnerabilities Through Abstraction and Systems Language Design},
	Year = {2013}}

@inproceedings{lte,
	Author = {Casey, C Jasson and Rajagopalan, Srivatsan and Yan, Muxi and Booker, Graham and Sprintson, Alex and Magnussen, Walt},
	Booktitle = {Computer Communications and Networks (ICCCN), 2013 22nd International Conference on},
	Date-Added = {2014-01-27 20:11:47 +0000},
	Date-Modified = {2014-01-27 20:12:08 +0000},
	Organization = {IEEE},
	Pages = {1--7},
	Title = {Supporting Voice over LTE: Solutions, Architectures, and Protocols},
	Year = {2013}}

@inproceedings{wripe,
	Author = {Casey, C. Jasson and Sutton, Andrew and Dos Reis, Gabriel and Sprintson, Alex},
	Booktitle = {Proceedings of the The 3rd International Workshop on Rigorous Protocol Engineering},
	Organization = {IEEE},
	Title = {Eliminating Network Protocol Vulnerabilities Through Abstraction and Systems Language Design},
	Year = {2013}}

@book{eop,
	Author = {Stepanov, Alexander A and McJones, Paul},
	Date-Added = {2013-06-26 12:48:35 +0000},
	Date-Modified = {2013-06-26 12:48:49 +0000},
	Publisher = {Addison-Wesley Professional},
	Title = {Elements of programming},
	Year = {2009}}

@article{frenetic,
	Author = {Foster, Nate and Harrison, Rob and Freedman, Michael J and Monsanto, Christopher and Rexford, Jennifer and Story, Alec and Walker, David},
	Date-Added = {2013-12-05 19:10:53 +0000},
	Date-Modified = {2013-12-05 19:11:11 +0000},
	Journal = {ACM SIGPLAN Notices},
	Number = {9},
	Pages = {279--291},
	Publisher = {ACM},
	Title = {Frenetic: A network programming language},
	Volume = {46},
	Year = {2011}}

@techreport{nettle,
	Author = {Voellmy, Andreas and Agarwal, Ashish and Hudak, Paul},
	Date-Added = {2013-12-05 19:15:40 +0000},
	Date-Modified = {2013-12-05 19:15:50 +0000},
	Institution = {DTIC Document},
	Title = {Nettle: Functional Reactive Programming for OpenFlow Networks},
	Year = {2010}}

@incollection{vcc,
	Author = {Cohen, Ernie and Dahlweid, Markus and Hillebrand, Mark and Leinenbach, Dirk and Moskal, Micha{\l} and Santen, Thomas and Schulte, Wolfram and Tobies, Stephan},
	Booktitle = {Theorem Proving in Higher Order Logics},
	Date-Added = {2013-12-05 20:25:28 +0000},
	Date-Modified = {2013-12-05 20:25:35 +0000},
	Pages = {23--42},
	Publisher = {Springer},
	Title = {VCC: A practical system for verifying concurrent C},
	Year = {2009}}

@book{isabelle,
	Author = {Paulson, Lawrence C and Wenzel, Markus},
	Date-Added = {2013-12-05 19:47:37 +0000},
	Date-Modified = {2013-12-05 19:47:47 +0000},
	Publisher = {Springer},
	Title = {Isabelle/HOL: a proof assistant for higher-order logic},
	Volume = {2283},
	Year = {2002}}

@incollection{agda,
	Author = {Bove, Ana and Dybjer, Peter and Norell, Ulf},
	Booktitle = {Theorem Proving in Higher Order Logics},
	Date-Added = {2013-12-05 19:47:13 +0000},
	Date-Modified = {2013-12-05 19:47:19 +0000},
	Pages = {73--78},
	Publisher = {Springer},
	Title = {A brief overview of Agda--a functional language with dependent types},
	Year = {2009}}

@article{coq,
	Author = {Barras, Bruno and Boutin, Samuel and Cornes, Cristina and Courant, Judica{\"e}l and Filliatre, Jean-Christophe and Gimenez, Eduardo and Herbelin, Hugo and Huet, Gerard and Munoz, Cesar and Murthy, Chetan and others},
	Date-Added = {2013-12-05 19:45:47 +0000},
	Date-Modified = {2013-12-05 19:46:51 +0000},
	Title = {The {Coq} proof assistant reference manual: Version 6.1},
	Year = {1997}}

@article{spin,
	Author = {Holzmann, Gerard J},
	Date-Added = {2013-12-05 20:25:58 +0000},
	Date-Modified = {2013-12-05 20:26:09 +0000},
	Journal = {Software Engineering, IEEE Transactions on},
	Number = {5},
	Pages = {279--295},
	Publisher = {IEEE},
	Title = {The model checker SPIN},
	Volume = {23},
	Year = {1997}}

@book{model_checking,
	Author = {Clarke, Edmund M and Grumberg, Orna and Peled, Doron A},
	Date-Added = {2013-12-08 14:55:45 +0000},
	Date-Modified = {2013-12-08 14:55:56 +0000},
	Publisher = {MIT press},
	Title = {Model checking},
	Year = {1999}}

@inproceedings{fml,
	Author = {Hinrichs, Timothy L and Gude, Natasha S and Casado, Martin and Mitchell, John C and Shenker, Scott},
	Booktitle = {Proceedings of the 1st ACM workshop on Research on enterprise networking},
	Date-Added = {2013-12-05 19:14:20 +0000},
	Date-Modified = {2013-12-05 19:14:30 +0000},
	Organization = {ACM},
	Pages = {1--10},
	Title = {Practical declarative network management},
	Year = {2009}}

@inproceedings{procera,
	Author = {Voellmy, Andreas and Kim, Hyojoon and Feamster, Nick},
	Booktitle = {Proceedings of the first workshop on Hot topics in software defined networks},
	Date-Added = {2013-12-05 19:12:29 +0000},
	Date-Modified = {2013-12-05 19:12:41 +0000},
	Organization = {ACM},
	Pages = {43--48},
	Title = {Procera: a language for high-level reactive network control},
	Year = {2012}}

@incollection{ocaml,
	Author = {R{\'e}my, Didier},
	Booktitle = {Applied Semantics},
	Date-Added = {2013-12-08 14:52:45 +0000},
	Date-Modified = {2013-12-08 14:52:56 +0000},
	Pages = {413--536},
	Publisher = {Springer},
	Title = {Using, understanding, and unraveling the oCaml language from practice to theory and vice versa},
	Year = {2002}}

@inproceedings{fortnox,
	Author = {Porras, Philip and Shin, Seungwon and Yegneswaran, Vinod and Fong, Martin and Tyson, Mabry and Gu, Guofei},
	Booktitle = {Proceedings of the first workshop on Hot topics in software defined networks},
	Date-Added = {2013-12-05 19:17:38 +0000},
	Date-Modified = {2013-12-05 19:17:52 +0000},
	Organization = {ACM},
	Pages = {121--126},
	Title = {A security enforcement kernel for OpenFlow networks},
	Year = {2012}}

@article{openflow,
	Author = {McKeown, N. and Anderson, T. and Balakrishnan, H. and Parulkar, G. and Peterson, L. and Rexford, J. and Shenker, S. and Turner, J.},
	Date-Added = {2012-12-16 23:18:18 +0000},
	Date-Modified = {2012-12-16 23:18:37 +0000},
	Journal = {ACM SIGCOMM Computer Communication Review},
	Number = {2},
	Pages = {69--74},
	Publisher = {ACM},
	Title = {OpenFlow: {E}nabling {I}nnovation in {C}ampus {N}etworks},
	Volume = {38},
	Year = {2008}}

@article{gouda_fw_design,
	Author = {Gouda, M.G. and Liu, A.X.},
	Date-Added = {2012-12-16 23:15:37 +0000},
	Date-Modified = {2012-12-16 23:17:08 +0000},
	Journal = {Computer Networks},
	Number = {4},
	Pages = {1106--1120},
	Publisher = {Elsevier},
	Title = {Structured firewall design},
	Volume = {51},
	Year = {2007}}

@article{gouda_fw_redun,
	Author = {Liu, A. and Gouda, M.},
	Date-Added = {2012-12-16 23:15:22 +0000},
	Date-Modified = {2012-12-16 23:15:57 +0000},
	Journal = {Data and Applications Security XIX},
	Pages = {924--924},
	Publisher = {Springer},
	Title = {Complete redundancy detection in firewalls},
	Year = {2005}}

@inproceedings{gouda_fw_complete,
	Author = {Gouda, M.G. and Liu, X.Y.A.},
	Booktitle = {Distributed Computing Systems, 2004. Proceedings. 24th International Conference on},
	Date-Added = {2012-12-16 23:14:59 +0000},
	Date-Modified = {2012-12-16 23:16:41 +0000},
	Organization = {IEEE},
	Pages = {320--327},
	Title = {Firewall design: Consistency, completeness, and compactness},
	Year = {2004}}

@inproceedings{proto_conform,
	Author = {Bishop, S. and Fairbairn, M. and Norrish, M. and Sewell, P. and Smith, M. and Wansbrough, K.},
	Booktitle = {ACM SIGCOMM Computer Communication Review},
	Date-Added = {2012-12-16 23:06:00 +0000},
	Date-Modified = {2012-12-16 23:06:24 +0000},
	Number = {4},
	Organization = {ACM},
	Pages = {265--276},
	Title = {Rigorous specification and conformance testing techniques for network protocols, as applied to TCP, UDP, and sockets},
	Volume = {35},
	Year = {2005}}

@book{apc,
	Author = {McGuire, T.M. and Gouda, M.G.},
	Date-Added = {2012-12-15 23:08:48 +0000},
	Date-Modified = {2012-12-15 23:09:03 +0000},
	Publisher = {Springer},
	Title = {The Austin protocol compiler},
	Volume = {13},
	Year = {2004}}

@article{click,
	Acmid = {354874},
	Address = {New York, NY, USA},
	Author = {Kohler, Eddie and Morris, Robert and Chen, Benjie and Jannotti, John and Kaashoek, M. Frans},
	Date-Added = {2012-12-15 22:54:41 +0000},
	Date-Modified = {2012-12-15 22:55:04 +0000},
	Doi = {10.1145/354871.354874},
	Issn = {0734-2071},
	Issue_Date = {Aug. 2000},
	Journal = {ACM Trans. Comput. Syst.},
	Keywords = {component systems, routers, software router performance},
	Month = aug,
	Number = {3},
	Numpages = {35},
	Pages = {263--297},
	Publisher = {ACM},
	Title = {The click modular router},
	Url = {http://doi.acm.org/10.1145/354871.354874},
	Volume = {18},
	Year = {2000},
	Bdsk-Url-1 = {http://doi.acm.org/10.1145/354871.354874},
	Bdsk-Url-2 = {http://dx.doi.org/10.1145/354871.354874}}

@article{xkernel,
	Author = {Hutchinson, N.C. and Peterson, L.L.},
	Date-Added = {2012-12-15 22:51:57 +0000},
	Date-Modified = {2012-12-15 22:52:26 +0000},
	Doi = {10.1109/32.67579},
	Issn = {0098-5589},
	Journal = {Software Engineering, IEEE Transactions on},
	Keywords = {architecture;interface;network protocols;operating system kernel;x-Kernel;network operating systems;protocols;},
	Month = {jan},
	Number = {1},
	Pages = {64 -76},
	Title = {The x-Kernel: an architecture for implementing network protocols},
	Volume = {17},
	Year = {1991},
	Bdsk-Url-1 = {http://dx.doi.org/10.1109/32.67579}}

@electronic{apple_bootp,
	Author = {{United States Computer Emergency Readiness Team}},
	Date-Added = {2012-11-14 03:52:55 +0000},
	Date-Modified = {2012-11-14 03:53:33 +0000},
	Title = {{VU776628 Apple Mac OS X bootpd vulnerable to stack-based buffer overflow}},
	Url = {http://www.kb.cert.org/vuls/id/776628},
	Bdsk-Url-1 = {http://www.kb.cert.org/vuls/id/776628}}

@electronic{cisco_vtp,
	Author = {United States Computer Emergency Readiness Team},
	Date-Added = {2012-11-14 03:52:03 +0000},
	Date-Modified = {2012-11-14 03:52:29 +0000},
	Title = {{VU821420 Cisco IOS fails to properly handle summary packets in the VLAN Trunking Protocol}},
	Url = {http://www.kb.cert.org/vuls/id/821420},
	Bdsk-Url-1 = {http://www.kb.cert.org/vuls/id/821420}}

@electronic{cisco_ipopt,
	Author = {United States Computer Emergency Readiness Team},
	Date-Added = {2012-11-14 03:51:02 +0000},
	Date-Modified = {2012-11-14 03:51:43 +0000},
	Title = {{VU341288 Cisco IOS fails to properly process certain packets containing a crafted IP option}},
	Url = {http://www.kb.cert.org/vuls/id/341288},
	Bdsk-Url-1 = {http://www.kb.cert.org/vuls/id/341288}}

@electronic{ntpd_bug,
	Author = {United States Computer Emergency Readiness Team},
	Date-Added = {2012-11-14 03:49:19 +0000},
	Date-Modified = {2012-11-14 03:50:03 +0000},
	Title = {{VU853097 ntpd autokey stack buffer overflow}},
	Url = {http://www.kb.cert.org/vuls/id/853097},
	Bdsk-Url-1 = {http://www.kb.cert.org/vuls/id/853097}}

@electronic{quagga_bug,
	Author = {United States Computer Emergency Readiness Team},
	Date-Added = {2012-11-14 03:47:50 +0000},
	Date-Modified = {2012-11-14 03:48:35 +0000},
	Title = {{VU551715 Quagga contains multiple vulnerabilities}},
	Url = {http://www.kb.cert.org/vuls/id/551715},
	Bdsk-Url-1 = {http://www.kb.cert.org/vuls/id/551715}}

@electronic{apple_bug,
	Author = {United States Computer Emergency Readiness Team},
	Date-Added = {2012-11-14 03:42:58 +0000},
	Date-Modified = {2012-11-14 03:47:07 +0000},
	Title = {{VU160027 Broadcom BCM4325 and BCM4329 wireless chipset denial-of-service vulnerability}},
	Url = {http://www.kb.cert.org/vuls/id/160027},
	Bdsk-Url-1 = {http://www.kb.cert.org/vuls/id/160027}}

@inproceedings{prolac,
	Author = {Kohler, E. and Kaashoek, M.F. and Montgomery, D.R.},
	Booktitle = {ACM SIGCOMM Computer Communication Review},
	Date-Added = {2012-11-14 02:59:59 +0000},
	Date-Modified = {2012-11-14 03:00:06 +0000},
	Number = {4},
	Organization = {ACM},
	Pages = {3--13},
	Title = {A readable TCP in the Prolac protocol language},
	Volume = {29},
	Year = {1999}}

@article{deputy,
	Author = {Condit, J. and Harren, M. and Anderson, Z. and Gay, D. and Necula, G.},
	Date-Added = {2012-11-14 02:48:36 +0000},
	Date-Modified = {2012-11-14 02:48:45 +0000},
	Journal = {Programming Languages and Systems},
	Pages = {520--535},
	Publisher = {Springer},
	Title = {Dependent types for low-level programming},
	Year = {2007}}

@inproceedings{fisher2006next,
	Author = {Fisher, K. and Mandelbaum, Y. and Walker, D.},
	Booktitle = {ACM Sigplan Notices},
	Date-Added = {2012-11-14 02:41:09 +0000},
	Date-Modified = {2012-11-14 02:41:09 +0000},
	Number = {1},
	Organization = {ACM},
	Pages = {2--15},
	Title = {The next 700 data description languages},
	Volume = {41},
	Year = {2006}}

@article{bro,
	Author = {Paxson, V.},
	Date-Added = {2012-11-14 02:30:31 +0000},
	Date-Modified = {2012-11-14 02:30:42 +0000},
	Journal = {Computer networks},
	Number = {23},
	Pages = {2435--2463},
	Publisher = {Elsevier},
	Title = {Bro: a system for detecting network intruders in real-time},
	Volume = {31},
	Year = {1999}}

@url{caida,
	Date-Added = {2012-11-10 22:01:49 +0000},
	Date-Modified = {2012-11-10 22:02:54 +0000},
	Title = {The {CAIDA Anonymized 2012 Internet Traces} - 20120119-125903, {kc claffy, Dan Andersen, Paul Hick}},
	Url = {http://www.caida.org/data/passive/passive_2012_dataset.xml},
	Bdsk-Url-1 = {http://www.caida.org/data/passive/passive_2012_dataset.xml}}

@misc{ieee802.3,
	Author = {IEEE Computer Society},
	Date-Added = {2012-11-10 21:45:36 +0000},
	Date-Modified = {2012-11-10 21:52:23 +0000},
	Institution = {IEEE},
	Title = {{IEEE} Std 802.3 - 2008},
	Year = {2008}}

@article{tftpv2,
	Author = {K. Sollins},
	Date-Added = {2012-11-10 21:42:36 +0000},
	Date-Modified = {2012-11-10 21:44:00 +0000},
	Journal = {IETF RFC 1350},
	Title = {The {TFTP} Protocol (Revision 2)},
	Year = {1992}}

@inproceedings{liz,
	Author = {Gabriel Dos~Reis},
	Booktitle = {AISC/MKM/Calculemus},
	Ee = {http://dx.doi.org/10.1007/978-3-642-31374-5_20},
	Pages = {295-309},
	Title = {{A System for Axiomatic Programming}},
	Year = {2012}}

@webpage{us_cert,
	Author = {US Government},
	Date-Added = {2012-05-07 15:20:51 -0500},
	Date-Modified = {2012-05-07 15:26:49 -0500},
	Institution = {US Government},
	Title = {{United States Computer Emergency Readiness Team}},
	Url = {http://www.kb.cert.org/vuls/},
	Year = {2012},
	Bdsk-Url-1 = {http://www.kb.cert.org/vuls/}}

@article{dep_rec,
	Author = {GUSTAVO BETARTE},
	Date-Added = {2012-05-07 15:14:45 -0500},
	Date-Modified = {2012-05-07 15:15:51 -0500},
	Journal = {Journal of Functional Programming},
	Pages = {pp 137-166},
	Title = {Type checking dependent (record) types and subtyping.},
	Volume = {10},
	Year = {2000}}

@inproceedings{dep_types,
	Acmid = {292560},
	Address = {New York, NY, USA},
	Author = {Xi, Hongwei and Pfenning, Frank},
	Booktitle = {Proceedings of the 26th ACM SIGPLAN-SIGACT symposium on Principles of programming languages},
	Date-Added = {2012-05-07 15:11:42 -0500},
	Date-Modified = {2012-05-07 15:11:51 -0500},
	Doi = {10.1145/292540.292560},
	Isbn = {1-58113-095-3},
	Location = {San Antonio, Texas, United States},
	Numpages = {14},
	Pages = {214--227},
	Publisher = {ACM},
	Series = {POPL '99},
	Title = {Dependent types in practical programming},
	Url = {http://doi.acm.org/10.1145/292540.292560},
	Year = {1999},
	Bdsk-Url-1 = {http://doi.acm.org/10.1145/292540.292560},
	Bdsk-Url-2 = {http://dx.doi.org/10.1145/292540.292560}}

@article{compcert,
	Acmid = {1538814},
	Address = {New York, NY, USA},
	Author = {Leroy, Xavier},
	Date-Added = {2012-05-07 15:03:07 -0500},
	Date-Modified = {2012-05-07 15:03:16 -0500},
	Doi = {10.1145/1538788.1538814},
	Issn = {0001-0782},
	Issue_Date = {July 2009},
	Journal = {Commun. ACM},
	Month = jul,
	Number = {7},
	Numpages = {9},
	Pages = {107--115},
	Publisher = {ACM},
	Title = {Formal verification of a realistic compiler},
	Url = {http://doi.acm.org/10.1145/1538788.1538814},
	Volume = {52},
	Year = {2009},
	Bdsk-Url-1 = {http://doi.acm.org/10.1145/1538788.1538814},
	Bdsk-Url-2 = {http://dx.doi.org/10.1145/1538788.1538814}}

@article{ndlog,
	Acmid = {1592785},
	Address = {New York, NY, USA},
	Author = {Loo, Boon Thau and Condie, Tyson and Garofalakis, Minos and Gay, David E. and Hellerstein, Joseph M. and Maniatis, Petros and Ramakrishnan, Raghu and Roscoe, Timothy and Stoica, Ion},
	Date-Added = {2012-05-07 15:00:25 -0500},
	Date-Modified = {2012-05-07 15:01:39 -0500},
	Doi = {10.1145/1592761.1592785},
	Issn = {0001-0782},
	Issue_Date = {November 2009},
	Journal = {Commun. ACM},
	Month = nov,
	Number = {11},
	Numpages = {9},
	Pages = {87--95},
	Publisher = {ACM},
	Title = {Declarative networking},
	Url = {http://doi.acm.org/10.1145/1592761.1592785},
	Volume = {52},
	Year = {2009},
	Bdsk-Url-1 = {http://doi.acm.org/10.1145/1592761.1592785},
	Bdsk-Url-2 = {http://dx.doi.org/10.1145/1592761.1592785}}

@article{meta_routing,
	Acmid = {1080094},
	Address = {New York, NY, USA},
	Author = {Griffin, Timothy G. and Sobrinho, Jo\"{a}o Lu\'{\i}s},
	Date-Added = {2012-05-07 14:58:22 -0500},
	Date-Modified = {2012-05-07 14:58:32 -0500},
	Doi = {10.1145/1090191.1080094},
	Issn = {0146-4833},
	Issue_Date = {October 2005},
	Journal = {SIGCOMM Comput. Commun. Rev.},
	Keywords = {algebraic routing, path algebras, routing protocols},
	Month = aug,
	Number = {4},
	Numpages = {12},
	Pages = {1--12},
	Publisher = {ACM},
	Title = {Metarouting},
	Url = {http://doi.acm.org/10.1145/1090191.1080094},
	Volume = {35},
	Year = {2005},
	Bdsk-Url-1 = {http://doi.acm.org/10.1145/1090191.1080094},
	Bdsk-Url-2 = {http://dx.doi.org/10.1145/1090191.1080094}}

@inproceedings{binpac,
	Acmid = {1177119},
	Address = {New York, NY, USA},
	Author = {Pang, Ruoming and Paxson, Vern and Sommer, Robin and Peterson, Larry},
	Booktitle = {Proceedings of the 6th ACM SIGCOMM conference on Internet measurement},
	Date-Added = {2012-04-20 13:50:20 -0500},
	Date-Modified = {2012-04-20 13:50:29 -0500},
	Doi = {10.1145/1177080.1177119},
	Isbn = {1-59593-561-4},
	Keywords = {parser generator, protocol},
	Location = {Rio de Janeriro, Brazil},
	Numpages = {12},
	Pages = {289--300},
	Publisher = {ACM},
	Series = {IMC '06},
	Title = {binpac: a yacc for writing application protocol parsers},
	Url = {http://doi.acm.org/10.1145/1177080.1177119},
	Year = {2006},
	Bdsk-Url-1 = {http://doi.acm.org/10.1145/1177080.1177119},
	Bdsk-Url-2 = {http://dx.doi.org/10.1145/1177080.1177119}}

@inproceedings{decl_net,
	Acmid = {1142485},
	Address = {New York, NY, USA},
	Author = {Loo, Boon Thau and Condie, Tyson and Garofalakis, Minos and Gay, David E. and Hellerstein, Joseph M. and Maniatis, Petros and Ramakrishnan, Raghu and Roscoe, Timothy and Stoica, Ion},
	Booktitle = {Proceedings of the 2006 ACM SIGMOD international conference on Management of data},
	Date-Added = {2012-04-15 17:20:02 +0000},
	Date-Modified = {2012-04-15 17:20:17 +0000},
	Doi = {10.1145/1142473.1142485},
	Isbn = {1-59593-434-0},
	Keywords = {declarative networks, recursive queries},
	Location = {Chicago, IL, USA},
	Numpages = {12},
	Pages = {97--108},
	Publisher = {ACM},
	Series = {SIGMOD '06},
	Title = {Declarative networking: language, execution and optimization},
	Url = {http://doi.acm.org/10.1145/1142473.1142485},
	Year = {2006},
	Bdsk-Url-1 = {http://doi.acm.org/10.1145/1142473.1142485},
	Bdsk-Url-2 = {http://dx.doi.org/10.1145/1142473.1142485}}

@inproceedings{pads_ml,
	Acmid = {1190231},
	Address = {New York, NY, USA},
	Author = {Mandelbaum, Yitzhak and Fisher, Kathleen and Walker, David and Fernandez, Mary and Gleyzer, Artem},
	Booktitle = {Proceedings of the 34th annual ACM SIGPLAN-SIGACT symposium on Principles of programming languages},
	Date-Added = {2012-04-10 13:16:01 -0500},
	Date-Modified = {2012-04-10 13:16:14 -0500},
	Doi = {10.1145/1190216.1190231},
	Isbn = {1-59593-575-4},
	Keywords = {ML, data description languages, dependent types, domain-specific languages, functional programming, modules, parsing, printing},
	Location = {Nice, France},
	Numpages = {7},
	Pages = {77--83},
	Publisher = {ACM},
	Series = {POPL '07},
	Title = {PADS/ML: a functional data description language},
	Url = {http://doi.acm.org/10.1145/1190216.1190231},
	Year = {2007},
	Bdsk-Url-1 = {http://doi.acm.org/10.1145/1190216.1190231},
	Bdsk-Url-2 = {http://dx.doi.org/10.1145/1190216.1190231}}

@article{pads_orig,
	Acmid = {1065046},
	Address = {New York, NY, USA},
	Author = {Fisher, Kathleen and Gruber, Robert},
	Date-Added = {2012-04-10 13:14:08 -0500},
	Date-Modified = {2012-04-10 13:14:16 -0500},
	Doi = {10.1145/1064978.1065046},
	Issn = {0362-1340},
	Issue_Date = {June 2005},
	Journal = {SIGPLAN Not.},
	Keywords = {data description language, domain-specific languages},
	Month = jun,
	Number = {6},
	Numpages = {10},
	Pages = {295--304},
	Publisher = {ACM},
	Title = {PADS: a domain-specific language for processing ad hoc data},
	Url = {http://doi.acm.org/10.1145/1064978.1065046},
	Volume = {40},
	Year = {2005},
	Bdsk-Url-1 = {http://doi.acm.org/10.1145/1064978.1065046},
	Bdsk-Url-2 = {http://dx.doi.org/10.1145/1064978.1065046}}

@article{inf_syslog,
	Acmid = {1740410},
	Address = {New York, NY, USA},
	Author = {Zhu, Kenny Q. and Fisher, Kathleen and Walker, David},
	Date-Added = {2012-04-10 10:40:52 -0500},
	Date-Modified = {2012-04-10 10:41:01 -0500},
	Doi = {10.1145/1740390.1740410},
	Issn = {0163-5980},
	Issue_Date = {January 2010},
	Journal = {SIGOPS Oper. Syst. Rev.},
	Keywords = {PADS, ad hoc data, analysis of system logs, domain-specific languages, grammar induction, parsing, tool generation},
	Month = mar,
	Number = {1},
	Numpages = {6},
	Pages = {85--90},
	Publisher = {ACM},
	Title = {Incremental learning of system log formats},
	Url = {http://doi.acm.org/10.1145/1740390.1740410},
	Volume = {44},
	Year = {2010},
	Bdsk-Url-1 = {http://doi.acm.org/10.1145/1740390.1740410},
	Bdsk-Url-2 = {http://dx.doi.org/10.1145/1740390.1740410}}

@article{anne,
	Acmid = {1806622},
	Address = {New York, NY, USA},
	Author = {Xi, Qian and Walker, David},
	Date-Added = {2012-04-10 10:40:29 -0500},
	Date-Modified = {2012-04-10 10:40:35 -0500},
	Doi = {10.1145/1809028.1806622},
	Issn = {0362-1340},
	Issue_Date = {June 2010},
	Journal = {SIGPLAN Not.},
	Keywords = {ANNE, PADS, ad hoc data, domain-specific languages, tool generation},
	Month = jun,
	Number = {6},
	Numpages = {12},
	Pages = {221--232},
	Publisher = {ACM},
	Title = {A context-free markup language for semi-structured text},
	Url = {http://doi.acm.org/10.1145/1809028.1806622},
	Volume = {45},
	Year = {2010},
	Bdsk-Url-1 = {http://doi.acm.org/10.1145/1809028.1806622},
	Bdsk-Url-2 = {http://dx.doi.org/10.1145/1809028.1806622}}

@inproceedings{dirt_to_shovels,
	Acmid = {1328488},
	Address = {New York, NY, USA},
	Author = {Fisher, Kathleen and Walker, David and Zhu, Kenny Q. and White, Peter},
	Booktitle = {Proceedings of the 35th annual ACM SIGPLAN-SIGACT symposium on Principles of programming languages},
	Date-Added = {2012-04-10 10:30:34 -0500},
	Date-Modified = {2012-04-10 10:30:43 -0500},
	Doi = {10.1145/1328438.1328488},
	Isbn = {978-1-59593-689-9},
	Keywords = {ad hoc data, data description languages, grammar induction, tool generation},
	Location = {San Francisco, California, USA},
	Numpages = {14},
	Pages = {421--434},
	Publisher = {ACM},
	Series = {POPL '08},
	Title = {From dirt to shovels: fully automatic tool generation from ad hoc data},
	Url = {http://doi.acm.org/10.1145/1328438.1328488},
	Year = {2008},
	Bdsk-Url-1 = {http://doi.acm.org/10.1145/1328438.1328488},
	Bdsk-Url-2 = {http://dx.doi.org/10.1145/1328438.1328488}}

@article{next_700_ddl,
	Acmid = {1111039},
	Address = {New York, NY, USA},
	Author = {Fisher, Kathleen and Mandelbaum, Yitzhak and Walker, David},
	Date-Added = {2012-04-10 09:55:23 -0500},
	Date-Modified = {2012-04-10 09:55:38 -0500},
	Doi = {10.1145/1111320.1111039},
	Issn = {0362-1340},
	Issue_Date = {January 2006},
	Journal = {SIGPLAN Not.},
	Keywords = {data description language, dependent types, domain-specific languages},
	Month = jan,
	Number = {1},
	Numpages = {14},
	Pages = {2--15},
	Publisher = {ACM},
	Title = {The next 700 data description languages},
	Url = {http://doi.acm.org/10.1145/1111320.1111039},
	Volume = {41},
	Year = {2006},
	Bdsk-Url-1 = {http://doi.acm.org/10.1145/1111320.1111039},
	Bdsk-Url-2 = {http://dx.doi.org/10.1145/1111320.1111039}}

@chapter{datascript,
	Author = {Godmar Back},
	Booktitle = {Generative Programming and Component Engineering},
	Date-Added = {2012-04-10 09:52:31 -0500},
	Date-Modified = {2012-04-10 09:52:49 -0500},
	Doi = {10.1007/3-540-45821-2_4},
	Pages = {66--77},
	Series = {Lecture Notes in Computer Science},
	Title = {DataScript- A Specification and Scripting Language for Binary Data},
	Volume = {2487},
	Year = {2002},
	Bdsk-Url-1 = {http://www.springerlink.com/content/71fbtd88mv8n36vr/fulltext.pdf},
	Bdsk-Url-2 = {http://dx.doi.org/10.1007/3-540-45821-2_4}}

@inproceedings{packet_types,
	Acmid = {347563},
	Address = {New York, NY, USA},
	Author = {McCann, Peter J. and Chandra, Satish},
	Booktitle = {Proceedings of the conference on Applications, Technologies, Architectures, and Protocols for Computer Communication},
	Date-Added = {2012-04-10 09:52:16 -0500},
	Date-Modified = {2012-04-10 09:52:41 -0500},
	Doi = {10.1145/347059.347563},
	Isbn = {1-58113-223-9},
	Location = {Stockholm, Sweden},
	Numpages = {13},
	Pages = {321--333},
	Publisher = {ACM},
	Series = {SIGCOMM '00},
	Title = {Packet types: abstract specification of network protocol messages},
	Url = {http://doi.acm.org/10.1145/347059.347563},
	Year = {2000},
	Bdsk-Url-1 = {http://doi.acm.org/10.1145/347059.347563},
	Bdsk-Url-2 = {http://dx.doi.org/10.1145/347059.347563}}

@inproceedings{pads_overview,
	Acmid = {1938556},
	Address = {New York, NY, USA},
	Author = {Fisher, Kathleen and Walker, David},
	Booktitle = {Proceedings of the 14th International Conference on Database Theory},
	Date-Added = {2012-04-10 09:47:18 -0500},
	Date-Modified = {2012-04-10 09:47:35 -0500},
	Doi = {10.1145/1938551.1938556},
	Isbn = {978-1-4503-0529-7},
	Keywords = {ad hoc data, data description languages, domain-specific languages},
	Location = {Uppsala, Sweden},
	Numpages = {7},
	Pages = {11--17},
	Publisher = {ACM},
	Series = {ICDT '11},
	Title = {The PADS project: an overview},
	Url = {http://doi.acm.org/10.1145/1938551.1938556},
	Year = {2011},
	Bdsk-Url-1 = {http://doi.acm.org/10.1145/1938551.1938556},
	Bdsk-Url-2 = {http://dx.doi.org/10.1145/1938551.1938556}}

@article{bs-1982:classes,
	Address = {New York, NY, USA},
	Author = {Stroustrup, Bjarne},
	Issue = {1},
	Journal = {SIGPLAN Not.},
	Month = {January},
	Numpages = {10},
	Pages = {42--51},
	Publisher = {ACM},
	Title = {Classes: An Abstract Data Type Facility for the {C} Language},
	Volume = {17},
	Year = {1982}}

@book{jenks92,
	Author = {Jenks, Richard D. and Sutor, Robert S.},
	Publisher = {Springer-Verlag},
	Title = {{AXIOM: The Scientific Computation System}},
	Year = 1992}

@book{bs00,
	Author = {Stroustrup, Bjarne},
	Edition = {Special},
	Publisher = {Addison-Wesley},
	Title = {{The C++ Programming Language}},
	Year = 2000}

@manual{iso03,
	Edition = {2nd},
	Key = {ISO},
	Organization = {International Organization for Standards},
	Title = {{International Standard ISO/IEC 14882. Programming Languages --- C++}},
	Year = 2003}

@inproceedings{ramananandro-2012:c++-ctor-dtor,
	Address = {Philadelphia, Pennsylvania, USA},
	Author = {Ramananandro, Tahina and Dos~Reis, Gabriel and Leroy, Xavier},
	Booktitle = {In 39th symposium Principles of Programming Languages},
	Month = {January},
	Publisher = {ACM Press},
	Title = {{A Mechanized Semantics for C++ Object Construction and Destruction, With Applications to Resource Management}},
	Year = 2012}

@inproceedings{gdr-bs-06:concepts-popl,
	Address = {Charleston, South Carolina, USA},
	Author = {Dos~Reis, Gabriel and Stroustrup, Bjarne},
	Booktitle = {Conference Record of POPL '06: The 33th ACM SIGPLAN-SIGACT Symposium on Principles of Programming Languages},
	Pages = {295--308},
	Title = {{Specifying C++ Concepts}},
	Year = 2006}

@inproceedings{gregor-et-al-06:concepts-oopsla,
	Address = {New York, NY, USA},
	Author = {Gregor, Douglas and J\"arvi, Jaakko and Siek, Jeremy and Stroustrup, Bjarne and Dos~Reis, Gabriel and Lumsdaine, Andrew},
	Booktitle = {OOPSLA '06: Proceedings of the 21st annual ACM SIGPLAN conference on Object-Oriented Programming Languages, Systems, and Applications},
	Location = {Portland, Oregon, USA},
	Pages = {291--310},
	Publisher = {ACM Press},
	Title = {{Concepts: Linguistic Support for Generic Programming in C++}},
	Year = 2006}

@techreport{gdr-bs09:axioms-semantics,
	Author = {Dos~Reis, Gabriel and Stroustrup, Bjarne and Meredith, Alisdair},
	Institution = {ISO/IEC SC22/JTC1/WG21},
	Month = {June},
	Note = {\url{http://www.open-std.org/JTC1/SC22/WG21/docs/papers/2009/n2887.pdf}},
	Number = {N2887=09-0077},
	Title = {{Axioms: Semantics Aspects of C++ Concepts}},
	Year = 2009}

@misc{openflow-std-1.3.3,
  Author = {Open Networking Foundation},
  Title = {OpenFlow Switch Specification, Version 1.3.3}}
  
@inproceedings{gdr-bs-06:concepts-popl,
	Address = {Charleston, South Carolina, USA},
	Author = {E. Tan, L. Guo, S. Chen, and X. Zhang},
	Booktitle = {Conference Record of POPL '06: The 33th ACM SIGPLAN-SIGACT Symposium on Principles of Programming Languages},
	Pages = {295--308},
	Title = {{Specifying C++ Concepts}},
	Year = 2006}
  
@techreport{onf-wmwg:proposal,
  Author = {Open Networking Foundation},
  Title = {Wireless \& Mobile Working Group}}

@inproceedings{schulz15opensdwn,
  Author = {Julius Schulz-Zander and Carlos Mayer and Bogdan Ciobotaru and
  Stefan Schmid and Anja Feldman},
  Title = {OpenSDWN: Programmatic Control Over Home and Enterprise WiFi},
  Booktitle = {1st ACM SIGCOMM Symposium on Software Defined Networking Research
  (SOSR '15)},
  Year = 2015}

@inproceedings{jin13softcell,
  Author = {Xin Jin and Li Erran Li and Laurent Vanbever and Jennifer Rexford},
  Title = {SoftCell: Scalable and Flexible Cellular Core Network Architecture},
  Booktitle = {Proceedings of the Ninth ACM Conference on Emerging Networking
  Experiments and Technologies (CoNEXT '13)},
  Pages = {163--174},
  Year = 2015}
  
  @article{cho2014integration,
  title={{Integration of SDR and SDN for 5G}},
  author={Cho, H.-H. and Lai, C.-F. and Shih, T.K. and Chao, H.-C.},
  journal={Access, IEEE},
  volume={2},
  pages={1196--1204},
  year={2014},
  publisher={IEEE}}
  
  @article{demirorsrcube,
  title={RcUBe: Real-Time Reconfigurable Radio Framework with Self-Optimization Capabilities},
  author={Demirors, Emrecan and Sklivanitis, George and Melodia, Tommaso and Batalama, S},
  journal={submitted for publication}}

@article{sun2015integrating, 
  author={S. Sun and Kadoch, M. and L. Gong and B. Rong}, 
  journal={Network, IEEE}, 
  title={{Integrating network function virtualization with SDR and SDN for 4G/5G networks}}, 
  year={2015}, 
  volume={29}, 
  number={3}, 
  pages={54-59}, 
  month={May}}

@article{mancuso2014prototyping,
  title={A prototyping methodology for {SDN}-controlled {LTE} using {SDR}},
  author={Mancuso, V. and Vitale, C. and Gupta, R. and Rathi, K. and Morelli, A.},
  year={2014}}
  
@article{gupta2015labview,
  title={{LabVIEW based Software-Defined Physical/MAC layer architecture for prototyping dense LTE Networks}},
  author={Gupta, R. and Bachmann, B. and Kruppe, A. and Ford, R. and Rangan, S. and Kundargi, N. and Ekbal, A. and Rathi, K. and Asadi, A. and Mancuso, V. and others},
  year={2015}}
  
@article{corbett2014countering,
  title={{Countering Intelligent Jamming with Full Protocol Stack Agility}},
  author={Corbett, C. and Uher, J. and Cook, J. and Dalton, A.},
  journal={Security \& Privacy, IEEE},
  volume={12},
  number={2},
  pages={44--50},
  year={2014},
  publisher={IEEE}}
